2066 3256
877 644 1127 713 Vita.

372 869 519 912 Natus
537 883 638 912 sum
653 868 888 925 Eugenius
905 866 1144 911 Mittwoch
1162 866 1235 909 die
1252 872 1292 911 4.
1311 867 1479 910 mensis
1495 867 1760 910 Decembris

255 957 293 985 a.
337 947 449 986 1876
488 941 536 983 111
589 940 756 998 oppido
804 940 1023 984 Posnano
1079 939 1152 983 cui
1197 953 1365 982 nomen
1417 944 1485 981 est
1537 938 1761 982 Schrimm

251 1017 384 1071 patre
430 1012 668 1056 Ludovico
715 1017 860 1055 matre
909 1012 1121 1056 Carolina
1168 1026 1192 1054 e
1240 1014 1375 1068 gente
1416 1010 1568 1067 Weyl.
1632 1010 1762 1053 Fidei

254 1085 464 1128 addictus
497 1099 598 1128 sum
629 1083 848 1128 iudaicae.
914 1084 1165 1141 Postquam
1207 1083 1462 1125 litterarum
1503 1082 1761 1139 primordiis

210 1200 215 1205 ,
253 1156 454 1200 imbutus
493 1171 606 1208 sum,
654 1171 763 1199 vere
810 1155 919 1199 anni
957 1162 1012 1200 86
1047 1155 1337 1213 gymnasium
1383 1159 1600 1212 paternae
1637 1154 1762 1197 urbis

254 1228 359 1282 adii,
391 1229 516 1286 quod
545 1243 629 1286 per
661 1232 764 1271 octo
788 1242 932 1271 annos
965 1227 1266 1285 frequentavi.
1331 1226 1608 1269 Maturitatis
1640 1226 1763 1268 testi-

253 1301 458 1348 monium
490 1304 724 1343 assecutus
756 1314 863 1344 vere
896 1299 1002 1344 anni
1039 1305 1152 1344 1894
1173 1298 1441 1342 Berolinum
1471 1313 1544 1341 me
1577 1298 1761 1350 contuli,

253 1377 306 1416 ut
337 1372 386 1415 in
405 1372 703 1415 universitate
734 1371 990 1415 litterarum
1015 1371 1248 1415 Friderica
1270 1370 1498 1414 Guilelma
1518 1370 1763 1427 praecipue

254 1443 424 1502 linguis
457 1449 504 1486 et
538 1444 703 1487 litteris
745 1443 1039 1487 orientalibus
1071 1458 1143 1486 me
1182 1443 1350 1486 darem.
1415 1441 1652 1486 Seminarii
1683 1442 1764 1483 lin-

255 1531 448 1574 guarum
491 1516 780 1559 orientalium
827 1516 994 1559 sodalis
1036 1515 1104 1559 fui
1139 1530 1222 1572 per
1259 1519 1420 1571 quater
1456 1529 1536 1557 sex
1571 1527 1761 1556 menses.

254 1614 315 1620 —
334 1587 605 1631 Docuerunt
625 1602 698 1631 me
719 1588 808 1631 viri
830 1587 1102 1631 doctissimi:
1125 1587 1285 1639 Barth,
1308 1586 1538 1638 Dieterici,
1561 1585 1763 1642 Dilthey,

256 1659 313 1703 de
329 1659 526 1717 Gricycki
545 1661 586 1717 †,
611 1658 659 1704 O.
678 1659 730 1703 F.
749 1659 1003 1712 Lehmann,
1020 1659 1231 1711 Paulsen‚
1249 1658 1442 1710 86611611,
1465 1658 1518 1700 Ε.
1539 1657 1761 1707 Schmidt,

255 1731 494 1784 Schrader,
544 1731 754 1783 8111111161,
803 1731 1046 1783 Steinthal,
1095 1730 1296 1788 Stumpf,
1346 1731 1402 1773 de
1438 1729 1763 1773 Wilamowitz-

255 1803 547 1855 Mollendorf,
587 1803 839 1856 Winckler,
887 1803 1048 1848 ZeHer.
1113 1803 1285 1855 Quibus
1326 1802 1436 1846 viris
1484 1802 1655 1858 optime
1707 1801 1764 1844 de

203 1882 206 1887 '
254 1890 328 1918 me
359 1875 530 1919 meritis
563 1890 666 1918 cum
689 1875 896 1919 omnibus
927 1879 1026 1918 tum
1046 1875 1265 1918 Eduardo
1288 1874 1481 1924 86611611,
1515 1873 1592 1930 qui
1614 1873 1765 1916 studia

256 1962 360 1991 11166
389 1948 520 1999 rexit,
552 1947 724 2004 gratias
756 1962 843 2005 ago
876 1962 1012 2004 quam
1043 1947 1277 1998 maximas,
1309 1961 1395 1988 nec
1426 1960 1520 1988 non
1550 1950 1763 2001 Augusto

257 2019 460 2072 Fischer,
493 2020 572 2077 qui
602 2020 650 2062 in
680 2019 803 2063 hunc
837 2019 1090 2063 studiorum
1122 2033 1333 2075 campum
1363 2033 1436 2060 me
1468 2018 1612 2060 duxit.
