2066 3256
827 113 1126 151 —27—

226 221 310 264 sibi
358 221 532 265 fontem
585 221 789 278 elegisse,
843 217 964 264 unde
1017 220 1196 277 singula
1248 219 1344 262 fere
1395 217 1535 262 verba
1587 223 1730 260 trans-

225 293 453 337 scriberet.

344 364 527 407 Etenim
560 365 680 422 apud
712 365 844 408 Nuw.
878 365 997 407 idem
1040 368 1175 419 atque
1214 363 1261 404 in
1293 362 1407 404 libro
1442 362 1541 417 ‘qu
1573 375 1730 418 prooe-

225 437 365 479 mium
411 436 618 492 legimus,
667 436 788 493 quod
831 436 919 478 iam
956 435 1004 478 in
1035 434 1142 477 Aba
1175 433 1394 477 ‘Ubaidae
1436 433 1552 476 libro
1585 432 1728 474 fuisse

223 522 315 551 non
349 511 525 550 constat
560 508 682 562 (vide
720 523 823 565 pag.
849 512 923 562 25)
957 534 1016 538 —
1047 506 1225 548 Deinde
1259 505 1390 547 Nuw.
1417 505 1599 547 eosdem
1633 503 1728 546 dies

225 580 385 622 eodem
424 579 581 622 ordine
620 583 785 621 tractat
825 583 960 635 atque
999 578 1086 621 Ibn
1120 577 1241 620 ‘Abd
1272 577 1483 619 Rabbihi.
1519 603 1573 606 —
1614 575 1729 617 Tum

225 650 360 694 etiam
393 666 445 693 ea
477 666 592 707 quae
623 651 672 693 in
701 650 817 693 libro
851 650 893 692 al
917 650 1016 706 ‘qu
1047 664 1141 691 non
1173 649 1422 692 secundum
1451 648 1558 690 Aba
1582 646 1730 690 ‘Ubai-

227 723 330 765 dam
361 723 442 765 sed
474 723 723 765 secundum
754 721 843 764 Ibn
875 721 917 763 al
948 720 1169 763 Kalbium
1207 725 1449 762 narrantur
1481 719 1558 774 (cf.
1594 733 1730 775 supra

224 809 269 851 p.
293 796 383 850 30),
416 794 547 837 Nuw.
570 793 720 836 habet.
743 819 803 825 —
824 793 1061 835 Postremo
1083 792 1389 835 firmissimum
1413 796 1730 848 argumentum

225 866 420 923 videtur,
454 866 574 922 quod
608 871 653 908 et
682 865 815 907 Nuw.
849 870 894 907 et
918 864 1007 907 Ibn
1030 864 1150 907 ‘Abd
1171 863 1371 906 Rabbihi
1403 864 1563 906 eodem
1595 862 1729 904 modo

227 941 434 980 auctores
457 937 640 980 laudare
672 937 831 979 solent.
895 936 986 979 Ubi
1008 936 1082 978 hic
1105 936 1235 992 ponit
1262 937 1479 997 swa&
1507 936 1587 990 ἁμὲ,
1610 934 1729 976 idem

229 1009 350 1065 apud
386 1008 518 1052 Nuw.
567 1009 754 1065 legitur;
802 1008 881 1051 ubi
913 1008 1000 1051 Ibn
1033 1007 1152 1050 ‘Abd
1183 1006 1330 1049 Rabb.
1381 1021 1488 1048 casu
1535 1005 1731 1061 quodam

228 1084 461 1124 auctorem
490 1094 583 1123 non
603 1080 820 1132 nominat,
855 1081 991 1123 etiam
1013 1080 1146 1122 Nuw.
1171 1094 1274 1121 eum
1297 1078 1476 1130 silentio
1500 1077 1728 1135 praeterit.

215 1178 286 1191 .—
308 1151 511 1208 Uterque
535 1152 581 1194 in
598 1151 726 1194 initio
744 1152 1016 1194 narrationis
1036 1151 1124 1194 diei
1144 1151 1199 1193 ad
1218 1150 1437 1193 Gabalam
1456 1152 1517 1205 (z
1538 1149 1637 1206 ‘qu
1655 1151 1729 1202 65)

227 1227 274 1266 et
303 1223 450 1266 media
481 1223 529 1266 in
559 1223 818 1266 narratione
852 1226 914 1280 (=
935 1224 1033 1280 ‘qu
1066 1226 1156 1278 662)
1191 1222 1302 1265 dicit
1338 1234 1478 1266 sm
1503 1223 1569 1283 :⁴³
1609 1221 1729 1275 ΔΕΑ)

227 1305 348 1358 Quin
378 1306 514 1349 etiam
546 1306 593 1348 in
624 1307 881 1350 narratione
915 1307 1004 1350 diei
1037 1307 1094 1349 ad
1114 1305 1279 1362 Nibag,
1314 1305 1360 1347 in
1393 1318 1481 1360 qua
1502 1303 1589 1346 Ibn
1612 1302 1731 1345 ‘Abd

225 1377 424 1421 Rabbihi
457 1382 638 1435 praeter
666 1379 1041 1422 consuetudinem
1061 1393 1230 1421 nomen
1251 1376 1359 1419 Aba
1382 1375 1602 1419 ‘Ubaidae
1634 1390 1732 1432 per-

228 1471 384 1515 scribit
416 1472 535 1529 (‘qu
558 1477 632 1521 844
664 1461 812 1541 &Emi
839 1494 899 1539 0.)
934 1493 1034 1544 5⁹⁴⁹
1070 1483 1211 1528 sexsus:
1233 1473 1322 1534 j45)
1356 1470 1478 1528 apud
1499 1470 1630 1514 NuW.
1665 1485 1732 1511 ea-

227 1555 331 1598 dem
361 1555 502 1598 verba
531 1555 737 1612 legimus.

345 1626 476 1670 Nuw.
518 1641 566 1670 se
603 1631 834 1670 auctorem
871 1626 959 1669 Ibn
992 1626 1111 1669 ‘Abd
1142 1626 1423 1669 Rabbihium
1460 1626 1587 1682 sequi
1628 1640 1732 1667 nus-

226 1713 362 1756 quam
392 1698 654 1756 profitetur,
705 1699 784 1741 sed
831 1713 1104 1755 quamquam
1151 1699 1286 1741 huius
1329 1702 1466 1755 caput
1504 1698 1561 1740 ad
1592 1697 1732 1740 verba

225 1769 323 1813 fere
354 1770 402 1813 in
433 1784 565 1813 suum
587 1785 701 1828 opus
722 1770 1057 1828 transsumpsit‚
1092 1770 1274 1813 simulat
1303 1785 1351 1812 se
1373 1770 1539 1812 librum
1561 1770 1617 1812 de
1650 1783 1730 1811 suo

201 1847 511 1900 componere.
554 1843 781 1886 Plurimos
809 1843 1054 1899 scriptores
1076 1842 1298 1886 Arabicos
1330 1842 1439 1884 item
1471 1841 1732 1899 peccavisse

227 1914 326 1971 quis
358 1918 426 1957 est
459 1914 536 1971 qui
567 1913 777 1971 ignoret?

346 1985 566 2029 Nuwairii
587 1986 743 2038 codex,
777 2001 866 2044 quo
898 1986 970 2029 usi
1001 2000 1169 2037 sumus,
1203 1985 1525 2043 Lugdunensis
1557 1985 1731 2027 mendis

227 2071 322 2101 non
344 2062 480 2100 caret.
522 2057 682 2115 Neque
703 2063 857 2101 tamen
879 2059 1029 2102 omnia
1056 2058 1228 2101 librarii
1261 2058 1421 2115 culpae
1445 2057 1733 2100 attribuenda

228 2134 352 2181 sunt;
384 2129 522 2173 immo
553 2125 662 2173 Vero
694 2130 827 2173 Nuw.
860 2130 1010 2187 ipsum
1038 2130 1126 2172 Ibn
1163 2129 1283 2173 ‘Abd
1319 2129 1536 2173 Rabbihii
1567 2128 1733 2172 librum

229 2217 332 2246 cum
363 2201 706 2245 transscriberet
728 2216 901 2244 errores
922 2216 1016 2245 non
1046 2202 1182 2259 plane
1206 2203 1399 2245 evitasse
1422 2201 1733 2244 arbitrandum

229 2276 350 2330 est,2)
384 2273 651 2332 praesertim
682 2289 786 2316 cum
818 2278 996 2316 constet
1024 2273 1305 2316 Nuwa-irium
1335 2273 1458 2316 haud
1491 2273 1733 2330 diligenter

227 2346 407 2389 codices
438 2344 762 2388 transscribere
795 2345 979 2389 solitum
1011 2345 1164 2401 esse‚3)
1206 2345 1413 2403 quamvis
1445 2345 1492 2388 in
1513 2345 1733 2388 Nuwairii

324 2465 353 2512 l)
379 2464 470 2500 Alia
487 2464 670 2512 exempla
682 2464 941 2500 inveniuntur
956 2464 997 2500 in
1010 2465 1301 2501 narrationibus
1320 2464 1415 2500 belli
1428 2465 1564 2508 Dahis,
1583 2464 1733 2500 dierum

227 2524 279 2561 ad
302 2524 450 2581 Waqit‚
477 2523 527 2560 ad
551 2524 696 2560 Kulab.
1500 2515 1506 2521 ”

322 2591 353 2638 2)
378 2591 412 2626 E
439 2591 573 2628 codice
596 2591 774 2628 Parisino
802 2593 884 2635 700,
910 2603 1027 2640 quem
1044 2591 1158 2627 Nuw.
1187 2603 1258 2627 sua
1282 2604 1403 2628 manu
1429 2592 1595 2639 scripsit,
1622 2604 1733 2628 accu-

227 2651 352 2687 ratius
376 2651 479 2690 hanc
503 2663 587 2688 rem
612 2651 824 2688 diiudicare
850 2651 988 2700 possis.

324 2709 354 2757 3)
380 2710 494 2759 Dozy
528 2714 666 2747 auctor
698 2715 760 2748 est
795 2711 971 2747 codicem
996 2711 1260 2759 Upsalensem
1287 2711 1361 2747 Ibn
1386 2711 1561 2747 Badruni
1592 2712 1733 2747 librum

229 2771 517 2814 continentem,
559 2782 676 2818 quem
708 2771 828 2807 Nuw.
863 2771 947 2819 ipse
981 2771 1266 2818 transscripsit,
1307 2772 1463 2818 saepius
1498 2771 1734 2807 mendosum

228 2842 327 2867 esse.
379 2830 526 2878 (Dozyz
552 2830 627 2866 Ibn
651 2830 838 2866 Badroun
863 2843 899 2878 p.
929 2833 999 2878 10).
