2066 3256
852 162 1120 200 -7-

234 273 488 330 complures
528 275 882 328 composuerunt
918 270 1071 322 libros,
1119 284 1311 326 quorum
1344 268 1418 310 alii
1457 269 1512 311 de
1552 268 1742 325 singulis

233 346 400 403 pugnis
438 343 513 387 vel
552 343 684 386 bellis
724 346 930 399 egerunt,
979 347 1031 384 ut
1068 341 1155 384 Ibn
1193 340 1237 384 al
1267 340 1423 383 Kalbii
1465 340 1579 382 liber
1615 341 1741 398 gaus

235 451 373 518 Ω51681
411 449 584 508 oum,
623 437 724 509 3335
763 432 914 506 main
949 447 1087 504 (Fihr.
1122 462 1165 504 p.
1192 449 1280 502 98),
1317 446 1486 489 ‹Umari
1519 446 1563 488 b.
1587 446 1743 488 Bakiri

233 534 347 577 liber
405 532 515 594 &35:35
573 555 640 599 vg
695 533 822 590 ψὐὶί
871 531 1010 587 (Fihr.
1059 532 1182 586 107),
1225 529 1428 587 Waqidii
1472 534 1517 571 et
1559 529 1743 572 Zubairi

234 614 277 659 b.
311 615 497 658 Bakkar
534 616 637 659 libri
680 616 735 658 de
781 615 949 672 pugnis
993 614 1260 657 Ausitarum
1308 618 1354 656 et
1394 613 1743 680 {lazragitarum

237 698 379 755 (Fihr.
425 705 495 750 99,
538 702 655 755 110),
699 699 774 742 alii
813 698 1068 755 complures
1104 702 1419 740 tractaverunt
1463 711 1654 753 pugnas,
1693 701 1745 739 ut

234 792 341 835 Aba
365 792 585 836 ‘Ubaidae
608 793 722 835 liber
748 781 861 860 5*le
900 794 1028 850 gabis
1060 807 1194 848 quem
1216 791 1544 848 posterioribus
1574 795 1744 848 tempo-

235 875 358 918 ribus
405 892 431 918 a
477 877 630 919 multis
679 876 956 932 exscriptum
1002 890 1099 918 esse
1146 875 1267 917 infra
1321 874 1744 925 demonstrabimus,

237 953 282 990 et
327 947 442 990 liber
489 948 566 990 ille
613 963 805 1005 magnus
851 947 1053 990 tribuum
1101 955 1144 990 et
1192 947 1368 989 dierum
1411 946 1579 1002 (μιῷἱ
1618 947 1745 1004 ψἀἔ

237 1041 373 1122 &gb-lid.
401 1054 535 1126 3241ss
551 1054 650 1110 (sic)
674 1053 796 1096 Fihr.
821 1069 867 1111 p.
898 1056 1000 1109 106)
1020 1053 1145 1096 cuius
1177 1057 1335 1096 auctor
1361 1057 1428 1095 est
1451 1052 1540 1094 Ibn
1571 1052 1744 1120 Habib,

235 1138 343 1181 Aba
367 1138 585 1181 ‘Ubaidae
608 1138 859 1194 discipulus
883 1136 1171 1179 clarissimus.
1237 1137 1377 1189 Quem
1399 1135 1566 1178 librum
1588 1140 1746 1178 auctor

234 1209 369 1252 lexici
414 1209 457 1253 al
493 1209 678 1260 Fihrist,
713 1210 790 1266 qui
837 1209 935 1265 ipse
973 1208 1102 1260 vidit,
1152 1213 1254 1251 octo
1302 1207 1484 1250 milibus
1532 1207 1746 1250 foliorum

235 1281 377 1324 fuisse
411 1282 712 1338 compositum
745 1280 956 1323 affirmat.

289 1351 292 1354 ’
354 1353 460 1396 Non
502 1353 642 1410 igitur
682 1352 847 1395 mirum
879 1357 948 1395 est
995 1352 1118 1409 quod
1160 1353 1296 1394 etiam
1328 1353 1376 1394 in
1414 1352 1624 1408 epitomis
1655 1351 1745 1393 illis

236 1425 426 1482 exiguis,
460 1441 498 1468 e.
518 1440 554 1467 6.
618 1424 705 1467 Ibn
730 1424 849 1467 ‘Abd
871 1424 1102 1476 Rabbihii,
1135 1424 1223 1466 Ibn
1255 1423 1299 1466 al
1319 1423 1487 1474 Athiri,
1510 1423 1744 1474 Nuwairii‚

234 1512 449 1540 numerus
496 1497 820 1547 narrationum,
870 1511 986 1553 quae
1034 1496 1131 1538 eius
1178 1500 1284 1538 sunt
1332 1496 1602 1552 argumenti,
1648 1510 1744 1552 per-

235 1583 428 1625 magnus
460 1569 702 1612 invenitur.

354 1640 567 1683 Forsitan
604 1641 829 1697 quispiam
867 1645 1067 1697 quaerat,
1110 1650 1198 1696 quo
1231 1639 1403 1682 factum
1436 1639 1506 1691 sit,
1539 1643 1591 1681 ut
1624 1639 1746 1696 apud

234 1711 424 1763 Arabes,
432 1712 754 1769 populumnon
767 1726 1074 1763 numerosum,
1084 1711 1306 1754 bellorum
1318 1715 1453 1768 atque
1469 1699 1747 1768 proeliorum

234 1788 363 1826 tanta
393 1784 535 1827 moles
568 1784 780 1828 extiterit.

354 1855 420 1898 At
449 1870 544 1898 non
576 1856 701 1899 omni
723 1856 854 1908 „die“
877 1871 1035 1913 pugna
1055 1871 1165 1898 Vera
1197 1855 1321 1898 facta
1354 1860 1423 1898 est
1451 1855 1570 1897 inter
1601 1854 1745 1896 tribus
1814 1915 1817 1918 Δ

234 1927 470 1979 Arabicas,
510 1928 590 1970 sed
626 1932 884 1971 narratores
926 1942 1060 1985 saepe
1099 1928 1283 1984 ingenio
1323 1942 1403 1970 suo
1441 1927 1744 1982 indulgentes,

236 2014 293 2042 ex
322 1999 516 2056 parvula
548 2000 853 2051 contentione,
887 2014 977 2056 qua
1000 2000 1135 2056 pauci
1167 2000 1286 2041 inter
1319 2014 1366 2042 se
1389 2004 1524 2055 atque
1554 1998 1745 2055 privatis

237 2071 294 2113 de
326 2071 473 2114 causis
506 2072 739 2128 congressi
772 2076 912 2123 erant,
947 2071 1133 2114 caedem
1170 2071 1420 2113 multorum
1451 2070 1694 2113 finxerunt.
1715 2069 1744 2116 1)

318 2164 323 2169 ·
356 2142 534 2186 Deinde
569 2158 671 2193 611111
702 2143 874 2186 multae
906 2158 1088 2201 pugnae
1128 2143 1364 2200 complura
1394 2142 1637 2185 habuerint
1667 2156 1745 2185 no-

235 2214 371 2266 mina,
403 2214 532 2258 velut
564 2230 587 2257 e
615 2215 727 2258 locis
748 2215 924 2266 vicinis,
958 2230 1015 2257 ex
1046 2230 1138 2257 una
1168 2215 1469 2272 pugna-apud
1501 2214 1745 2271 scriptores

237 2286 354 2330 duae
385 2286 461 2329 vel
497 2285 651 2343 plures
690 2286 839 2329 factae
879 2291 998 2339 sunt,
1031 2287 1096 2329 ita
1133 2291 1185 2329 ut
1227 2287 1430 2344 duplices
1460 2286 1744 2329 narrationes

237 2373 349 2415 quas
379 2362 550 2401 vocant
579 2358 782 2401 historici
813 2358 1071 2410 existerent,
1111 2358 1238 2402 cuius
1270 2359 1335 2401 rei
1366 2358 1479 2401 haec
1510 2357 1607 2401 fere
1640 2362 1745 2400 sunt

238 2430 462 2487 exempla:
532 2430 641 2472 Dies
680 2430 738 2472 ad
774 2430 884 2473 Dhu
921 2429 1072 2499 Τ1111111
1115 2431 1251 2487 (inter
1287 2430 1319 2474 J
1322 2424 1452 2474 arbu
1452 2431 1538 2473 itas
1577 2435 1622 2472 et
1658 2430 1745 2472 Ba-

235 2514 396 2570 kritas)
436 2513 532 2557 dies
571 2528 752 2570 quoque
790 2514 849 2556 ad
888 2492 997 2557 Aud
1033 2492 1294 2558 nominatus
1335 2519 1401 2558 est
1436 2515 1537 2571 qu
1578 2520 1662 2573 859.
1686 2540 1745 2545 —

236 2585 348 2628 Dies
395 2585 453 2628 ad
491 2586 723 2630 Jaham1m
770 2584 890 2629 idem
936 2590 1004 2629 est
1052 2602 1103 2630 ac
1151 2587 1247 2630 dies
1281 2587 1402 2644 apud
1440 2587 1578 2640 Qarat
1608 2548 1745 2643 Ηῦειυᾳ

332 2739 362 2787 ¹)
389 2738 506 2784 Quod
530 2739 791 2776 Wellhausen
817 2741 858 2776 in
886 2741 1074 2785 „Skizzen
1105 2741 1188 2777 und
1213 2742 1472 2778 Vorarbeiten
1497 2741 1573 2778 IV“
1601 2754 1637 2788 p.
1665 2742 1743 2776 288.

237 2799 285 2835 (16
310 2800 456 2847 pugnis
481 2799 587 2836 inter
619 2800 746 2836 tribus
770 2801 855 2837 Aus
882 2805 924 2837 et
956 2801 1116 2856 {Iazrag
1144 2802 1363 2838 commissis
1387 2803 1511 2849 ponit,
1538 2801 1586 2837 de
1610 2802 1684 2836 hac
1702 2812 1742 2836 re

236 2858 422 2895 universa
447 2858 633 2895 contendi
658 2863 802 2907 potest.
