2066 3256
465 288 745 344 Quamquam
776 287 1004 343 exemplar
1042 287 1146 330 libri
1186 287 1327 344 ipsius
1364 302 1458 331 non
1499 288 1557 330 ad
1586 303 1670 331 nos
1701 288 1843 339 venit,

344 366 497 402 tamen
528 360 660 402 multi
699 374 800 401 cum
843 363 1049 401 auctores
1087 359 1359 415 posteriores
1398 358 1504 402 Aba
1538 359 1757 402 ‘Ubaidae
1795 359 1845 401 li-

346 432 476 474 brum
516 430 835 487 exscripserint
874 434 952 472 aut
988 430 1036 472 in
1075 430 1298 486 epitomae
1339 429 1534 473 formam
1570 431 1843 487 redegerint,

346 503 400 545 de
447 502 594 544 forma
639 507 683 543 et
732 501 999 543 auctoritate
1046 502 1140 544 eius
1195 501 1442 544 diiudicare
1484 516 1737 558 possumus.
1785 527 1845 533 --

344 575 487 616 Recte
528 574 668 629 igitur
694 572 1032 615 Brockelmann
1062 573 1132 615 his
1160 573 1310 615 verbis
1340 573 1506 615 librum
1539 573 1843 616 commendat:

344 657 459 699 Eine
491 655 800 712 Hauptquelle
832 656 912 698 der
942 655 1256 699 betreffenden
1288 655 1559 699 Abschnitte
1588 654 1670 699 'des
1691 645 1846 714 A'gani

343 729 436 770 und
475 728 552 769 des
583 727 737 769 Kamil
767 742 861 770 von
891 727 978 769 Ibn
1015 727 1059 770 al
1095 726 1286 783 Athir.¹)
1351 728 1442 771 Sed
1482 728 1740 771 addendum
1775 732 1846 770 est

344 800 465 856 quod
496 799 602 842 inde
634 799 770 841 etiam
793 803 931 855 caput
961 799 1066 842 libri
1088 794 1247 856 al‘qu,
1282 813 1371 856 quo
1393 799 1482 842 Ibn
1504 799 1624 842 ‘Abd
1644 798 1846 842 Rabbihi

345 872 399 913 de
433 871 590 913 diebus
612 870 817 912 Arabum
848 871 1024 927 magnis
1058 871 1164 927 egit,
1197 872 1411 913 haustum
1443 875 1524 913 est.
1576 871 1667 913 Per
1696 874 1845 916 totum

344 943 463 984 enim
501 947 637 998 caput
674 941 779 984 Aba
818 941 1010 984 ‘Ubaida
1053 946 1235 985 auctore
1287 942 1441 984 utitur.
1521 942 1612 985 Sed
1648 957 1706 985 ne
1742 941 1843 985 illas

345 1014 527 1070 quidem
558 1014 804 1056 multorum
827 1013 997 1055 dierum
1022 1014 1413 1072 narrationesqubi
1433 1013 1541 1056 Aba
1563 1013 1663 1056 ‘Ub.
1687 1017 1845 1056 auctor

341 1100 435 1128 non
493 1085 728 1136 laudatur,
798 1085 1147 1127 existimandum
1215 1090 1283 1128 est
1351 1085 1450 1128 aliis
1518 1100 1574 1128 ex
1639 1084 1842 1128 fontibus

342 1156 609 1199 manavisse.
685 1156 802 1198 Nam
849 1171 951 1198 cum
994 1171 1128 1213 saepe
1173 1157 1414 1214 scriptores
1463 1156 1654 1200 Arabici
1697 1160 1843 1200 trans-³

344 1227 580 1270 scribendo
612 1228 660 1269 in
681 1227 796 1270 libro
830 1227 1015 1270 arbitrio
1039 1233 1269 1271 auctorem
1290 1229 1426 1271 modo
1447 1229 1686 1271 nominent
1703 1227 1840 1272 modo

342 1299 503 1350 celent,
536 1299 831 1350 narrationes,
866 1299 1027 1356 quibus
1057 1299 1145 1342 Ibn
1167 1299 1286 1342 ‘Abd
1306 1299 1506 1342 Rabbihi
1527 1299 1841 1351 auctoritatem

341 1386 434 1413 non
474 1371 723 1427 anteponit,
771 1375 926 1413 tamen
974 1386 1030 1413 ex
1069 1371 1176 1414 Aba
1219 1371 1437 1414 ‘Ubaidae
1477 1371 1593 1414 libro
1635 1374 1840 1429 sumptae

342 1457 439 1484 esse
470 1446 674 1499 possunt.
724 1442 942 1499 Sumptae
971 1447 1122 1485 autem
1143 1443 1248 1485 inde
1271 1447 1389 1493 sunt,
1422 1443 1545 1499 quod
1576 1442 1700 1500 apud
1728 1441 1840 1487 alios

341 1514 462 1556 viros
482 1514 638 1556 doctos
655 1513 875 1556 Arabicos
893 1515 1050 1557 eodem
1068 1515 1203 1557 modo
1219 1518 1472 1557 narrantur.
1505 1513 1736 1557 Nonnulla
1749 1512 1841 1557 suf-
1865 1563 1867 1567 v

340 1585 495 1627 ficient
524 1585 748 1641 exempla:
782 1585 830 1626 in
860 1586 1119 1628 narratione
1152 1586 1241 1628 diei
1273 1586 1330 1628 ad
1363 1586 1405 1628 al
1425 1586 1602 1642 Raqam
1625 1585 1723 1642 ‘qu
1746 1590 1842 1645 732⁰

341 1657 447 1698 Abu
481 1656 582 1714 ‘Ub.
620 1671 715 1699 non
754 1657 1027 1708 nominatur,
1086 1657 1165 1699 sed
1204 1657 1326 1714 apud
1362 1657 1397 1701 I.
1430 1657 1487 1700 A.
1521 1659 1642 1708 48253
1689 1657 1737 1700 in
1767 1657 1840 1700 de-

341 1728 509 1784 scripto
541 1728 614 1770 die
637 1728 694 1770 ad
716 1727 898 1797 Tibfam
921 1728 1020 1785 ‘qu
1039 1734 1140 1788 1049
1161 1728 1344 1780 celatur,
1369 1729 1492 1786 apud
1511 1728 1547 1771 Ι.
1565 1727 1621 1771 A.
1645 1733 1749 1775 486⁶
1769 1758 1838 1779 mu.

341 1815 731 1854 commemoratur.

463 1895 535 1937 Ex
567 1895 766 1951 epitoma
806 1909 1078 1951 quamquam
1108 1895 1232 1938 haud
1264 1895 1447 1952 copiosa
1493 1894 1549 1937 ab
1592 1894 1680 1937 Ibn
1717 1892 1838 1937 ‘Abd

340 1965 569 2009 Rabbihio
617 1966 800 2008 redacta
844 1966 900 2008 de
943 1965 1058 2008 libro
1095 1960 1203 2008 Aba
1241 1966 1460 2009 ‘Ubaidae
1496 1966 1595 2023 ipso
1638 1964 1838 2008 iudicare

340 2051 594 2093 possumus.
654 2037 724 2080 Ac
754 2037 953 2094 primum
985 2037 1166 2094 quidem
1196 2037 1302 2080 inde
1334 2041 1539 2080 auctores
1561 2036 1667 2080 Abfi
1690 2036 1838 2080 ‘Ubai·

342 2108 426 2150 dae
460 2108 756 2151 enumerabo:

324 2175 326 2177 ’
463 2181 505 2235 1)
553 2180 660 2222 Aba
704 2179 831 2222 ‘Amr
871 2179 914 2223 b.
949 2174 1167 2235 al‘Ala’²)‚
1211 2194 1328 2222 unus
1377 2195 1432 2222 ex
1479 2183 1652 2237 septem
1693 2179 1837 2232 Qurra

342 2265 455 2306 quos
486 2255 673 2302 vocant3
723 2251 820 2307 ‘qu
861 2258 961 2301 1007
1001 2251 1052 2308 (j.
1092 2251 1134 2294 al
1166 2247 1379 2307 Safqa)³)‚
1421 2257 1538 2307 1092ο
1569 2250 1619 2307 (j.
1651 2249 1836 2307 Hazaz),

345 2328 460 2373 11719
493 2321 543 2378 (j.
577 2322 670 2364 Dm
703 2322 822 2378 oar).
1172 2313 1179 2319 ·
1659 2309 1694 2321 ”

462 2392 611 2436 Ceteri
658 2408 770 2450 quos
807 2393 915 2436 Aba
957 2394 1175 2437 ‘Ubaidae
1223 2398 1427 2436 auctores
1473 2393 1613 2436 fuisse
1657 2408 1713 2436 ex
1747 2393 1836 2436 Ibn

342 2464 461 2507 ‘Abd
482 2464 709 2507 Rabbihio
733 2465 892 2509 elucet.
925 2479 1018 2508 non
1048 2469 1100 2508 ut
1120 2465 1228 2509 Aba
1251 2466 1377 2508 ‘Amr
1409 2480 1465 2507 ex
1484 2479 1671 2508 numero
1691 2464 1837 2522 philo-

339 2535 547 2592 logorum
580 2536 822 2579 illustrium
854 2540 973 2588 sunt,
1002 2537 1083 2579 sed
1103 2537 1308 2579 homines
1340 2537 1396 2579 de
1422 2535 1597 2587 mult-im
1628 2535 1836 2580 nonnulli

436 2665 449 2689 1
491 2665 582 2701 ibid.

438 2667 468 2778 2))
495 2732 593 2768 Vide
620 2732 668 2768 de
695 2744 742 2769 eo
768 2733 871 2768 Fihr.
897 2745 933 2779 p.
953 2733 1010 2775 28,
1034 2733 1108 2768 Ibn
1133 2732 1238 2790 IJall.
1263 2745 1319 2767 nr.
1346 2733 1427 2769 516.
1732 2786 1734 2788 r

436 2802 466 2848 3)
494 2803 592 2838 Cum
629 2804 670 2838 in
709 2804 874 2840 diversis
910 2804 999 2839 libri
1042 2803 1165 2851 al‘qu
1203 2803 1442 2840 editionibus
1479 2816 1560 2839 non
1595 2803 1701 2840 idem
1737 2802 1832 2840 ordo

341 2862 571 2908 paginarum
598 2863 841 2906 observetur,
867 2874 1021 2910 semper
1042 2875 1187 2900 nomen
1211 2863 1288 2899 diei
1303 2864 1415 2900 uncis
1431 2863 1626 2899 inclusum
1642 2861 1834 2899 addimus.
