2066 3256
303 248 519 290 Extrema
552 246 607 289 de
640 261 794 303 pugna
826 225 935 288 belli
965 246 1111 288 Basus
1144 245 1263 300 apud
1295 244 1383 287 Ibn
1416 244 1536 287 ‘Abd
1566 243 1686 287 Rab-

183 319 358 363 bihium
390 318 507 375 (‘qu
540 323 595 362 98
628 317 752 373 infr.)
791 322 1000 360 narratur
1036 317 1281 385 Harithum
1321 315 1363 358 b.
1400 316 1560 367 ‘Ubad,
1610 315 1686 372 qui

184 407 316 446 antea
337 417 517 459 pugnae
538 402 766 458 particeps
787 416 881 444 non
903 400 1063 443 fuisset
1083 399 1282 442 Bakritis
1305 400 1466 442 ducem
1489 414 1537 442 se
1559 399 1687 442 obtu-

183 487 289 530 lisse
309 486 473 528 iratum
502 486 625 542 quod
660 485 897 536 Muhalhil,
930 474 1260 541 Taglibitarum
1298 484 1403 535 dux,
1436 484 1686 540 Bugairum

172 558 307 615 ,pacis
329 557 638 601 conciliandae
661 571 796 600 causa
819 556 875 599 ab
898 557 997 613 ipso
1021 555 1207 598 missum
1229 554 1545 598 interfecisset.
1570 555 1686 597 Tum

183 641 247 684 sic
278 642 428 699 pergit
455 641 543 684 Ibn
572 640 693 684 ‘Abd
719 639 919 683 Rabbihi
951 626 1122 696 &JK-<Ui
1149 635 1274 686 ωλμι
1297 626 1421 688 &AB
1443 627 1545 694 &3255
1571 629 1683 693 υἱέ,

184 736 283 804 „Ul
325 735 492 787 &Qum-
529 758 618 797 effi>
658 723 748 780 »ἓξ
785 757 852 802 &3
890 737 987 790 &4⁵²
1022 735 1097 800 αἱ
1168 772 1171 775 .

299 841 364 884 At
396 856 484 898 qua
517 841 572 884 de
606 854 740 884 causa
770 839 844 882 hic
868 839 964 882 dies
1000 839 1123 892 „dies
1153 843 1392 882 tonsurae“
1427 838 1686 882 nominatus

183 913 241 956 sit
272 913 465 970 scriptor
497 912 666 956 omittit
695 926 843 968 neque
876 910 999 954 aliud
1031 911 1087 954 de
1118 926 1274 968 pugna
1305 911 1403 968 ipsa
1435 910 1568 953 affert
1599 911 1686 953 nisi

181 984 485 1028 Muhalhilum
527 984 582 1027 ab
614 983 780 1051 Harith
827 983 870 1028 b.
912 983 1061 1026 ‘Ubad
1108 987 1290 1040 captum
1337 982 1385 1025 in
1430 982 1686 1025 libertatem

182 1067 443 1112 ¹restitutum
476 1072 520 1111 et
553 1068 666 1110 duos
699 1057 949 1124 Taglibitas
983 1068 1156 1110 occisos
1189 1068 1340 1122 esse.1)

303 1163 426 1216 Quae
458 1163 514 1206 de
545 1162 680 1206 rebus
714 1163 769 1206 ab
800 1161 1054 1205 Muhalhilo
1095 1166 1200 1219 post
1231 1161 1403 1204 bellum
1434 1161 1580 1204 Basus
1613 1176 1686 1218 ge-

170 1233 263 1280 'stis
297 1235 395 1292 ‘qu
428 1240 565 1282 9912·13
602 1238 856 1285 narrantur,
904 1238 997 1276 tam
1035 1249 1181 1292 pauca
1220 1238 1339 1285 sunt,
1388 1238 1439 1275 ut
1479 1233 1685 1290 intellegi

179 1324 503 1378 nonvpossena
535 1318 622 1361 nisi
654 1318 914 1361 narratione
947 1318 1069 1374 apud
1099 1317 1135 1362 I.
1160 1316 1215 1360 A.
1240 1323 1341 1368 396,
1375 1306 1462 1374 Ag'.
1480 1315 1536 1359 V.
1564 1321 1647 1360 189
1659 1347 1684 1368 ⁸,

180 1391 387 1435 uberiore
420 1389 673 1448 inspecta.²)

300 1475 653 1532 Nonnumquam
685 1489 799 1531 quae
832 1473 1049 1517 describit
1078 1473 1167 1516 Ibn
1201 1472 1321 1517 ‘Abd
1354 1471 1554 1515 Rabbihi
1586 1487 1686 1515 eam

181 1547 240 1590 ob
273 1561 453 1590 causam
475 1546 668 1590 obscura
690 1550 809 1597 sunt,
843 1546 966 1603 quod
986 1560 1148 1603 parum
1170 1545 1316 1596 anxie,
1350 1559 1465 1602 quae
1487 1544 1535 1586 in
1556 1543 1685 1587 fonte

180 1633 262 1662 suo
305 1617 636 1662 antecedebant
674 1616 837 1660 omisit.
900 1617 966 1661 Ut
998 1617 1207 1674 exemplo
1239 1621 1354 1668 utar,
1405 1616 1505 1673 ‘qu
1537 1622 1592 1660 95
1626 1616 1686 1659 le-

180 1690 329 1748 gimus
360 1689 471 1733 belli
501 1690 647 1733 Basus
681 1705 863 1733 oausam
894 1688 1051 1740 fuisse,
1100 1688 1221 1746 quod
1253 1687 1421 1731 Grassas
1459 1703 1550 1731 una
1583 1703 1685 1730 cum

180 1775 336 1818 ‘Amro
378 1773 423 1817 b.
456 1774 622 1816 Harith
659 1773 923 1824 Kulaibum,
973 1773 1135 1815 ducem
1166 1760 1494 1830 Taglibitarum
1533 1787 1685 1829 super-

179 1836 696 1915 bissimum‚persecutus
713 1861 833 1900 esset
841 1856 1026 1913 eiusque
1034 1860 1241 1899 ventrem
1257 1854 1683 1912 hastaperfodisset.

182 1929 296 1974 Cum
334 1934 485 1972 autem
511 1929 737 1972 Kulaibus
768 1929 817 1971 in
847 1929 969 1973 vitae
1002 1928 1261 1972 discrimine
1292 1931 1499 1972 versatus
1532 1927 1588 1970 ab
1620 1927 1684 1969 in-

179 1999 422 2044 terfectore
454 2015 534 2044 suo
566 2000 819 2058 petivisset,
867 2004 920 2042 ut
957 2000 1044 2058 ipsi
1077 2015 1238 2056 aquam
1276 1999 1523 2056 potandam
1555 1999 1684 2041 daret

181 2110 284 2138 eum
321 2094 367 2138 id
405 2095 687 2139 recusavisse
725 2095 1072 2138 exclamantem:
1121 2095 1305 2153 0935,
1345 2095 1483 2138 Luam
1503 2076 1684 2162 035&

181 2178 434 2234 (Transiisti
467 2177 737 2222 Subaithum
773 2182 819 2220 et
849 2177 1108 2246 Ahassum).
1165 2178 1287 2230 Quae
1308 2177 1448 2221 verba
1470 2193 1573 2220 cum
1602 2192 1684 2235 per

180 2276 228 2306 se
251 2261 371 2305 clara
398 2277 492 2305 non
514 2261 618 2313 sint,
652 2261 741 2304 Ibn
761 2260 1034 2317 Nubatam3)
1063 2261 1367 2319 respiciamus.
1422 2261 1684 2304 Secundum

180 2333 351 2391 quem4)
384 2333 555 2376 Kulaib
594 2333 835 2390 aliquando
867 2333 1079 2376 Bakritas
1122 2333 1333 2376 ardenter
1371 2332 1574 2376 sitientes
1606 2333 1684 2375 im-

276 2488 305 2536 1)
330 2478 405 2536 Agi.
423 2488 478 2524 IV
499 2490 578 2531 144,
607 2490 686 2531 146,
712 2488 780 2524 ubi
804 2488 953 2524 bellum
968 2488 1096 2524 Basus
1121 2491 1312 2531 narratur,
1339 2487 1422 2524 dies
1449 2486 1499 2523 ad
1517 2486 1684 2545 Qiddam

181 2560 357 2603 confuse,
383 2559 454 2597 sed
478 2551 552 2608 A'g.
579 2560 658 2596 XX
687 2561 753 2596 143
767 2580 792 2600 s,
818 2559 944 2596 multo
972 2559 1114 2596 clarius
1141 2559 1383 2596 describitur.

275 2631 306 2678 2)
333 2631 443 2676 Quae
470 2631 518 2668 de
544 2632 764 2667 Muhalhilo
790 2622 865 2679 Ag.
895 2632 961 2668 146
994 2631 1112 2679 (infr.)
1144 2632 1414 2674 inveniuntur,
1452 2630 1618 2667 confusa
1644 2634 1686 2667 et

181 2692 348 2728 obscura
374 2695 478 2728 sunt.

275 2762 305 2810 3)
332 2775 368 2810 p.
395 2765 439 2799 47
455 2784 482 2803 s.
507 2763 568 2810 (=
581 2761 716 2799 Rasm.
743 2763 831 2799 add.
858 2776 894 2811 p.
925 2764 971 2810 1).

275 2835 306 2882 4)
333 2828 555 2871 Maidanius
581 2835 722 2870 similia
747 2839 890 2871 narrat.
