2066 3256
808 132 1104 171 —23—

204 236 413 295 afferatff)
460 239 551 283 Sed
573 240 827 282 accuratius
851 240 888 282 si
903 239 1186 282 narrationes
1207 240 1487 296 respicimus,
1506 238 1709 281 ordinem

191 307 332 352 ⁴ilium
363 325 456 353 non
493 315 642 353 totum
672 326 756 368 per
802 316 940 368 caput
977 311 1171 354 inveniri
1213 315 1420 368 apparet:
1461 311 1556 353 dies
1590 310 1709 352 enim

205 382 305 439 ‘qu
337 388 410 440 859
445 383 707 432 enumerati,
752 382 916 439 quibus
952 382 1206 426 Jarbsi‘itae
1248 382 1303 424 de
1335 382 1534 424 Bakritis
1574 382 1710 424 victo-

203 454 315 497 riam
353 454 657 510 reportavisse
691 455 915 504 dicuntur,
950 454 1115 497 omisso
1156 454 1313 496 ordine
1354 454 1417 496 ita
1454 458 1708 504 narrantur,

202 531 254 568 ut
284 526 457 568 medios
490 526 609 568 inter
640 541 717 569 eos
751 531 852 569 octo
878 525 984 576 dies,
1019 525 1182 582 quibus
1203 525 1420 567 Bakritae
1447 525 1710 568 Tamimitas

204 597 428 650 vicerunt,
463 598 582 654 (qu
606 599 800 653 91—95)
834 603 879 640 et
903 597 1070 640 bellum
1092 597 1236 640 Dahis
1269 602 1314 639 et
1346 598 1442 639 dies
1475 597 1531 640 ad
1554 597 1709 639 Kulab

201 685 468 734 txactentur,
502 695 773 738 quamquam
809 680 880 723 his
914 681 1074 723 diebus
1105 695 1199 723 non
1232 681 1417 723 eaedem
1454 681 1599 723 tribus
1631 696 1709 737 pu-

203 757 471 810 gnaverunt.

323 836 566 879 Praeterea
596 851 654 879 ne
685 837 772 879 1100
805 836 988 892 quidem
1019 836 1107 878 Ibn
1133 836 1252 879 ‘Abd
1283 836 1483 879 Rabbihi
1517 836 1624 893 agit,
1659 841 1710 878 ut

202 907 420 965 temporis
469 909 671 951 ordinem
719 906 981 964 sequatur.²)
1059 908 1176 951 Vide
1225 909 1431 965 exempla
1484 923 1597 964 quae
1646 923 1710 950 sc-

203 986 424 1044 quuntur:

330 1065 371 1118 1)
403 1063 491 1106 Ibn
515 1063 635 1106 ‘Abd
655 1063 855 1106 Rabbihi
887 1078 989 1106 cum
1022 1064 1118 1120 ipse
1141 1064 1261 1106 dicat
1284 1064 1401 1120 (qu
1435 1066 1556 1123 8810)
1591 1064 1709 1106 diem

204 1146 262 1197 ad
301 1147 343 1189 al
365 1136 505 1189 Gabit
542 1145 683 1190 fuisse
732 1151 836 1189 ante
882 1147 1001 1190 diem
1040 1147 1096 1190 ad
1135 1147 1177 1190 a]
1207 1147 1384 1199 ‘Uzala‚
1432 1147 1561 1190 illum
1607 1152 1710 1204 post

202 1233 320 1273 hunc
351 1208 528 1273 tractat.
1273 1209 1279 1215 ι

289 1316 366 1369 2)
398 1314 533 1356 Diem
566 1314 622 1356 ad
656 1313 906 1371 ‘Adnijjam
942 1310 1162 1357 transfert
1198 1319 1305 1371 post
1336 1314 1455 1357 diem
1497 1314 1552 1356 ad
1585 1314 1710 1356 Dhat

201 1385 243 1428 al
275 1385 384 1437 athl,
419 1401 551 1442 quem
585 1390 689 1428 ante
722 1386 850 1458 illum
874 1387 1162 1429 commissum
1185 1401 1284 1429 esse
1316 1386 1412 1443 ipse
1446 1386 1564 1442 (⁴1qd
1598 1387 1708 1444 7623)

199 1457 409 1500 affirmat.

317 1543 363 1596 3)
395 1541 451 1584 In
483 1541 610 1584 initio
644 1541 804 1599 capitis
837 1546 1007 1593 auctor,
1040 1546 1092 1584 ut
1123 1542 1212 1584 iam
1245 1542 1708 1591 commemoravimus,

200 1612 295 1670 agit
332 1613 387 1655 de
424 1613 593 1670 pugnis
626 1613 911 1666 Qaisitarum.
982 1613 1038 1656 In
1074 1613 1208 1656 tertia
1246 1619 1398 1656 autem
1435 1628 1591 1671 pugna
1634 1614 1709 1669 (ad

198 1711 321 1779 Batn
353 1691 493 1769 (ᾸᾳίΙ)
531 1712 696 1755 Harith
732 1712 775 1755 b.
810 1713 956 1755 Zalim
993 1712 1229 1755 Halidium
1264 1712 1308 1755 b.
1349 1713 1430 1756 Gra‘
1435 1712 1506 1755 far
1543 1713 1709 1756 occidit

197 1795 247 1838 in
283 1796 494 1847 tentorio,
532 1797 580 1839 in
618 1811 708 1852 quo
741 1796 876 1839 etiam
914 1797 1010 1839 eius
1047 1796 1189 1839 frater
1222 1796 1374 1840 ‘Urwa
1412 1797 1454 1838 al
1491 1796 1707 1864 Rahbalss)

200 1879 367 1923 aderat.
432 1879 518 1932 Qui
560 1894 833 1937 quamquam
873 1880 1040 1937 primas
1082 1885 1235 1937 pa1tes
1275 1881 1368 1937 agit
1400 1881 1448 1922 in
1488 1880 1610 1923 bello
1644 1895 1710 1922 se-

201 1951 350 1993 cundo
389 1952 510 2007 quod
558 1951 675 2008 figar
710 1956 914 2003 vocatur,
962 1957 1116 1994 tamen
1162 1953 1249 1994 hoc
1294 1952 1465 1995 bellum
1506 1956 1707 1994 extremo

201 2022 385 2067 demum
416 2023 463 2066 in
496 2024 645 2080 capite
679 2024 797 2080 (‘qu
832 2026 971 2079 1112)
1003 2029 1224 2066 narratur.

296 2165 325 2212 ¹)
351 2165 398 2200 In
424 2165 543 2200 titulo
569 2166 804 2201 narrationis
842 2178 1000 2213 pugnae
1028 2165 1077 2201 ad
1109 2166 1147 2201 al
1171 2165 1303 2213 Nibag
1327 2178 1390 2202 wa
1416 2166 1573 2201 Thaital
1605 2178 1707 2202 com-

198 2224 343 2260 missae
381 2224 481 2261 haec
523 2226 645 2261 verba
682 2225 888 2272 leguntur:
925 2249 1024 2294 W
1064 2228 1161 2293 &12
1183 2227 1296 2296 jssss’
1337 2226 1394 2261 ita
1430 2230 1477 2261 ut
1517 2225 1580 2261 hic
1625 2225 1708 2261 dies

197 2307 340 2342 tertiae
372 2307 474 2354 parti
511 2307 746 2344 inserendus
783 2307 977 2345 videatur.
1029 2308 1107 2344 Sed
1139 2320 1160 2345 e
1192 2309 1417 2344 narratione
1453 2308 1540 2355 ipsa
1576 2308 1709 2344 elucet

199 2366 429 2402 Tamimitas
460 2366 632 2403 victores
665 2367 903 2410 discessisse,
930 2367 1036 2415 quod
1066 2368 1096 2404 Ι.
1122 2368 1169 2404 A.
1197 2380 1353 2416 quoque
1389 2367 1573 2404 affirmat.
1624 2368 1708 2415 ‘qu

198 2425 500 2475 8431egendum
537 2427 660 2474 igitur
689 2431 751 2463 est
783 2429 853 2499 JK?
892 2432 989 2496 ὀμ
1023 2429 1153 2496 pap-*⁶5⁹
1192 2440 1309 2476 quam
1335 2440 1469 2464 veram
1495 2429 1707 2464 lectionem

197 2508 234 2544 N
237 2509 422 2545 uwairius
447 2510 622 2557 praebet.

293 2579 324 2627 2’)
349 2580 440 2616 Jam
464 2580 610 2617 Reiske
638 2581 770 2628 (Prim.
797 2582 883 2618 Lin.
901 2595 937 2629 p.
960 2583 1042 2630 164)
1069 2583 1188 2619 dixit:
1241 2595 1343 2626 „non
1363 2595 1505 2631 sequar
1530 2582 1706 2618 ordinem

197 2639 301 2675 Nuw
304 2640 388 2675 airii
414 2641 480 2687 qui
505 2641 639 2677 nullus
665 2645 761 2677 estf‘
813 2642 946 2690 Atque
973 2647 1036 2679 est
1067 2643 1225 2690 quidem
1252 2643 1348 2679 ordo
1385 2643 1535 2679 dierum
1560 2644 1601 2678 in
1626 2643 1705 2678 Nu-

198 2699 323 2736 wairii
349 2700 660 2748 encyclopa'edia
683 2701 790 2738 idem
816 2706 936 2750 atque
968 2702 1073 2750 apud
1097 2703 1172 2738 Ibn
1198 2702 1299 2739 ‘Abd
1330 2702 1581 2779 Rabffihium,
1618 2715 1704 2738 cum

196 2759 264 2795 ille
290 2759 408 2795 huius
435 2763 554 2807 caput
578 2762 898 2808 transscripserit.

293 2818 323 2866 3)
349 2818 427 2855 Alii
454 2819 586 2856 ‘Urwa
612 2820 649 2855 al
674 2820 831 2868 Raggal
858 2834 949 2858 eum
974 2826 1132 2858 vocant.
