2066 3256
353 279 499 324 Simili
536 279 671 322 modo
709 284 897 322 narrant
937 279 988 334 (Ι.
1023 278 1080 321 Α.
1114 284 1219 337 3929
1254 278 1352 335 ‘qu
1386 284 1440 322 97
1481 278 1567 333 ult)
1601 278 1741 320 Ham-

232 355 431 395 mamum
461 351 697 394 Bakritam
731 366 757 393 a
786 351 950 394 Nasiro
981 350 1163 393 alumno
1196 365 1294 393 esse
1326 351 1630 401 mteriectum‚
1663 349 1741 392 ubi

231 437 309 479 ille
340 436 606 478 adolescens
630 435 805 479 audivit
838 450 885 477 se
907 423 1195 491 Taighbitam,
1223 435 1403 477 hostem
1435 434 1575 490 igitur
1605 434 1742 476 Ham-

234 523 371 551 mami
403 522 514 550 esse.

358 590 491 633 Hanc
521 590 827 633 narrationem
858 590 947 632 iam
979 589 1067 632 Ibn
1100 589 1221 632 ‘Abd
1261 589 1461 632 Rabbihi
1500 589 1617 646 (‘qu
1651 591 1741 643 981)

237 663 524 720 comparavit
571 677 675 705 cum
722 661 879 704 fabula
926 662 981 704 de
1028 661 1262 729 I-Iudhaifa
1310 661 1351 704 b.
1394 661 1519 704 Badr
1567 661 1639 703 die
1687 660 1744 703 ad

233 744 457 789 Haba’am
489 762 516 789 a
547 746 748 798 Qirwaso
783 745 965 788 alumno
998 760 1228 802 percusso.

352 830 677 872 Adnotationis
709 829 987 886 loco-pauca
1009 829 1175 871 addere
1207 829 1343 871 liceat
1376 829 1432 871 de
1462 828 1588 870 libris
1616 826 1744 870 fabu-

232 901 340 945 losis
396 916 509 958 quos
562 906 788 944 nostrates
845 901 1235 952 „Volksromane“
1282 906 1463 944 vocant.
1543 900 1744 952 Quorum

235 973 477 1030 scriptores
501 977 769 1030 argumenta
791 977 843 1015 ut
868 988 924 1015 ex
944 973 1279 1015 narrationibus
1303 973 1359 1015 de
1386 973 1544 1015 diebus
1567 971 1744 1028 magnis

234 1045 626 1102 deprompserunt,
649 1044 713 1087 ita
739 1044 997 1102 saepissime
1019 1044 1126 1087 ficta
1150 1044 1470 1096 additamenta,
1489 1047 1745 1086 monstrosa

235 1132 288 1160 ea
335 1117 518 1174 quidem
565 1116 732 1160 fabulis
780 1122 1126 1160 contexuerunt.
1175 1143 1235 1148 --
1281 1117 1334 1159 Ε.
1375 1132 1418 1173 g.
1461 1116 1582 1159 bella
1629 1130 1743 1172 quae

209 1207 211 1209 ¹
235 1188 344 1231 olim
375 1188 522 1231 tribus
543 1189 727 1231 Ma‘add
756 1204 858 1231 cum
879 1188 1149 1246 Iamanitisl)
1187 1204 1272 1231 nec
1302 1203 1397 1231 non
1419 1188 1590 1231 bellum
1622 1187 1744 1244 quod

232 1272 379 1316 tribus
410 1273 536 1315 Bakr
566 1273 707 1329 gessit
740 1287 843 1315 cum
879 1272 1001 1315 tribu
1040 1262 1202 1329 Taglib
1238 1272 1370 1340 (11611)
1410 1272 1453 1314 61
1483 1272 1646 1327 Bassis)
1681 1270 1744 1312 fa-

233 1351 392 1399 bulose
426 1361 644 1399 exornata
685 1355 768 1398 sub
808 1356 913 1402 ficta
943 1356 1032 1398 Ibn
1070 1356 1112 1398 al
1143 1356 1300 1398 Kalbii
1338 1355 1607 1398 auctoritate
1644 1370 1744 1397 nar-

235 1433 332 1470 rata
370 1433 477 1471 sunt
514 1428 563 1470 in
595 1427 749 1470 codice
781 1428 1083 1484 Lugdunensi
1116 1427 1287 1483 20342)‚
1322 1427 1527 1470 similiter
1562 1427 1610 1469 in
1643 1426 1741 1469 cod.

233 1499 352 1543 Mus.
384 1495 499 1542 Brit.
519 1500 656 1544 913l4
690 1504 734 1542 et
766 1500 864 1542 cod.
887 1500 1038 1542 Berol.
1062 1499 1164 1557 Spr.
1196 1506 1309 1544 1215
1347 1499 1742 1556 (f01.77b—17o).

353 1583 410 1626 In
441 1583 527 1626 hoc
561 1583 716 1626 codice
744 1583 1031 1626 Berolinensi
1065 1583 1160 1639 (fol.
1190 1585 1440 1639 162—170)
1472 1582 1657 1625 uberius
1685 1609 1744 1614 —

235 1655 364 1712 quasi
399 1654 488 1697 Ibn
527 1654 664 1724 Isbaq
697 1659 853 1699 auctor
886 1655 944 1698 sit
990 1682 1050 1687 —
1096 1659 1306 1697 narratur
1347 1655 1442 1698 dies
1482 1655 1538 1697 ad
1575 1654 1742 1720 ῌ6Ζ6Ζ,

235 1753 509 1796 quamquam
539 1738 629 1781 iam
650 1738 755 1782 Abu
780 1738 907 1781 ‘Amr
938 1739 980 1782 b.
1006 1739 1048 1781 al
1072 1738 1174 1782 ‘Ala
1195 1738 1299 1782 Abu
1335 1738 1554 1782 ‘Ubaidae
1587 1743 1745 1781 auctor

235 1809 434 1853 affirmat
467 1810 586 1867 (qu
616 1825 662 1868 p.
700 1813 839 1869 10921)
874 1811 930 1853 de
963 1811 1041 1853 illa
1062 1826 1232 1868 pugna,
1265 1816 1317 1854 ut
1349 1826 1464 1868 quae
1497 1826 1553 1853 ex
1585 1810 1743 1853 diebus

235 1882 557 1939 antiquissimis
580 1887 712 1934 esset,
744 1897 931 1939 prorsus
962 1882 1078 1925 nihil
1110 1897 1207 1926 esse
1228 1883 1470 1925 memoriae
1497 1883 1740 1940 proditum.

234 1954 398 1997 Restat
427 1959 479 1996 ut
512 1969 858 1997 commemorem
895 1954 943 1998 in
975 1954 1143 1998 fabulis
1174 1955 1501 2012 posterioribus
1534 1955 1743 2012 tempori-

234 2048 320 2092 bus
350 2048 482 2100 fictis,
515 2063 627 2105 quas
658 2049 753 2102 3319
777 2060 865 2116 25⁴²?
881 2040 966 2120 ,ἐκ
997 2054 1178 2102 vocant,
1218 2050 1399 2092 easdem
1435 2064 1507 2092 res
1544 2049 1743 2092 tractari.

234 2154 298 2197 Iis
331 2155 451 2197 enim
483 2154 649 2197 fabulis
680 2159 890 2198 narratur
919 2156 1094 2212 proelia
1125 2156 1244 2198 inter
1275 2156 1422 2199 tribus
1448 2156 1744 2199 Ismaeliticas

237 2231 282 2269 et
301 2226 553 2269 Iamanicas
575 2241 672 2270 esse
695 2227 945 2279 commissa,
979 2243 1005 2269 a
1033 2228 1229 2271 Gassaso
1250 2228 1503 2271 Kulaibum
1532 2234 1744 2277 necatum

236 2312 335 2341 esse
382 2302 518 2355 atque
563 2298 903 2343 interfectorem
930 2285 1098 2356 'ipsum
1144 2300 1263 2342 hanc
1301 2299 1360 2343 ob
1393 2315 1504 2343 xrem
1545 2315 1571 2342 a
1602 2300 1744 2343 fratre

236 2370 332 2413 eius
363 2369 616 2413 Muhalhilo
655 2370 698 2412 al
730 2370 846 2426 Zirss)
885 2371 1162 2414 trucidatum
1199 2371 1346 2428 esse.4)
1409 2372 1487 2414 Zir
1526 2377 1687 2430 postea
1719 2388 1744 2415 a

239 2441 417 2485 duobus
446 2443 589 2485 servis
617 2442 816 2485 occisum
845 2447 949 2485 ante
970 2448 1164 2486 mortem
1190 2443 1507 2487 interfectores
1530 2445 1742 2496 oravisse,

235 2518 288 2556 ut
319 2514 413 2557 suis
444 2529 629 2558 versum
661 2515 889 2571 quendam
918 2514 1169 2572 proferant,
1209 2530 1298 2573 quo
1336 2521 1498 2573 postea
1527 2516 1621 2558 Ziri
1651 2516 1744 2559 filia

333 2641 362 2690 1)
388 2642 474 2678 Vid.
501 2642 586 2690 'qu
609 2655 645 2690 p.
673 2645 752 2690 95&
779 2644 809 2679 I.
835 2644 881 2679 A.
908 2656 945 2691 p.
972 2645 1041 2681 385
1058 2665 1168 2692 supra.

331 2713 363 2761 2)
390 2701 441 2750 ofI
466 2714 590 2751 eatal.
617 2715 702 2751 cod.
728 2716 846 2752 Arab.
872 2716 973 2752 :sibi
998 2716 1127 2764 Lugd.
1166 2717 1238 2752 Ed.
1265 2717 1317 2752 11.
1355 2717 1442 2753 voi.
1469 2717 1498 2752 I.
1525 2730 1562 2765 p.
1589 2719 1670 2753 337.

333 2796 363 2844 3)
391 2797 454 2834 Sic
479 2797 675 2834 Muhalhil
699 2799 778 2835 iam
802 2791 878 2847 Ag.
904 2799 970 2836 IV.
996 2813 1033 2847 p.
1063 2802 1163 2848 14313
1188 2801 1424 2836 nominatur.

331 2869 362 2916 4)
390 2868 437 2905 cf.
464 2869 690 2906 Ahlwardt:
718 2870 841 2907 Catal.
869 2871 974 2907 VIII.
1005 2874 1083 2907 155.
