2066 3256
389 282 638 338 pediverat‚
673 281 926 337 quomimus
963 281 1084 337 apud
1110 281 1212 323 illos
1240 284 1450 338 montesl)
1479 298 1639 338 aquam
1664 287 1881 340 peterent.

391 353 558 395 Gassas
584 353 723 408 igitur
748 352 947 394 Kulaibo
971 352 1180 394 morienti
1203 352 1354 394 illudit
1377 353 1617 410 verbisque
1640 354 1729 396 illis
1752 354 1885 411 signi-

390 423 495 466 ficat
527 438 574 466 se
605 439 687 479 par
718 424 815 480 pari
847 420 1070 478 referre.²)

511 518 659 574 Sajjar
691 518 731 560 b.
768 517 894 559 ‘Amr
925 518 1133 560 Fazarita
1172 518 1214 560 al
1245 518 1456 570 Aswado,
1494 525 1732 576 postquam
1762 519 1885 563 mille

392 590 585 632 camelos
617 593 667 631 ut
699 589 869 645 lytrum
903 589 1029 645 (dija)
1061 589 1143 631 filii
1164 590 1313 631 necati
1346 605 1393 632 se
1414 591 1625 633 daturum
1657 605 1754 634 esse
1783 605 1885 648 pro-

390 660 523 711 misit,
559 675 711 702 arcum
744 675 873 702 suum
895 660 1077 716 pignori
1110 661 1286 703 dedisse
1319 661 1485 704 dicitur
1507 662 1607 718 ‘qu
1640 668 1729 722 6819
1745 663 1777 718 ³)
1810 663 1886 707 Se-

391 736 591 787 quuntur
621 732 733 774 haec
770 733 936 788 qq>t>
972 740 1073 792 (ἄψ-,Ξ
1109 731 1310 788 3455&
1347 735 1458 798 ΟΜ,
1494 733 1588 788 (lin.
1623 735 1712 789 23),
1759 749 1885 778 aceu-

392 838 530 879 ratius
562 852 654 879 non
677 837 912 893 explicata.
977 838 1181 894 Scriptor
1213 843 1362 880 autem
1385 839 1585 881 alludere
1615 839 1797 882 videtur
1828 839 1886 882 ad

389 908 437 949 id
485 908 605 964 quod
663 908 893 965 Hagibum
939 908 981 951 b.
1024 909 1193 951 Zurara
1236 909 1521 952 Tamimitam
1558 925 1711 953 arcum
1757 924 1887 953 suum

390 992 526 1033 Kisra
586 991 921 1034 Annusirwano
981 993 1077 1049 regi
1134 993 1375 1036 Persarum
1435 994 1616 1051 pignori
1676 993 1885 1048 dedisset)

391 1068 587 1106 narrant.

511 1158 601 1201 Sed
632 1173 725 1200 non
757 1159 902 1201 solum
923 1159 1217 1211 narrationes,
1242 1174 1352 1215 quas
1383 1160 1430 1202 in
1451 1159 1580 1202 fonte
1601 1174 1682 1203 suo
1708 1159 1888 1221 ¹invenit

390 1229 476 1271 Ibn
510 1229 629 1272 ‘Abd
660 1229 871 1281 Rabbihi,
913 1230 1090 1287 saepius
1132 1230 1195 1273 ita
1233 1230 1527 1282 abbreviavit,
1566 1235 1617 1274 ut
1653 1230 1789 1288 plane
1824 1231 1888 1287 iu·

391 1301 546 1356 tellegi
566 1306 807 1357 nequeant,
843 1303 921 1344 sed
955 1302 1089 1344 etiam
1117 1302 1361 1345 nonnullos
1393 1302 1488 1346 dies
1521 1303 1702 1346 omnino
1725 1294 1886 1347 omisit.

390 1372 442 1414 Ε.
479 1387 514 1414 c.
556 1387 704 1428 neque
753 1373 847 1415 dies
895 1373 971 1415 ille
1012 1373 1068 1416 ad
1105 1374 1380 1430 Halimamf‘)
1429 1389 1518 1431 quo
1566 1373 1623 1417 ob
1665 1368 1888 1418 exereitus

391 1456 727 1498 multitudinem
768 1461 920 1498 tantus
967 1457 1116 1514 pulvis
1162 1461 1297 1502 ortus
1333 1472 1432 1500 esse
1476 1457 1682 1510 traditur,
1728 1461 1781 1513 ut
1820 1456 1889 1500 sol

393 1527 708 1569 obscuraretur
750 1528 859 1582 (vid.
892 1528 927 1570 Ι.
961 1528 1017 1570 Α.
1051 1530 1207 1583 400³..)
1239 1544 1323 1571 nec
1363 1529 1457 1572 dies
1496 1529 1553 1571 ad
1582 1529 1796 1572 Uwaram
1833 1527 1888 1572 ab
1937 1563 1939 1566 .

390 1598 477 1640 Ibn
511 1598 630 1641 ‘Abd
661 1599 887 1641 Rabbihio
920 1607 1224 1642 memorantur
1265 1600 1371 1660 (vid.
1405 1600 1441 1642 Ι.
1474 1600 1529 1642 Α.
1563 1592 1800 1656 408—'11')'.
1831 1623 1889 1633 -

390 1670 459 1712 Ne
481 1685 661 1727 pugnae
684 1670 865 1726 quidem
888 1671 1004 1713 inter
1031 1671 1175 1714 tribus
1197 1671 1294 1714 Aus
1322 1676 1368 1714 et
1389 1672 1570 1738 ILIa-zrag
1591 1660 1886 1726 commissae0)

392 1753 719 1796 describuntur.

512 1860 734 1912 Quoniam
788 1861 1192 1903 demonstravimus
1261 1861 1480 1917 quaedam
1532 1875 1584 1903 eo
1637 1860 1759 1917 quod
1802 1859 1889 1904 Ibn

394 1932 511 1974 ‘Abd
552 1931 751 1974 Rabbihi
798 1932 975 1989 saepius
1014 1932 1149 1975 nimis
1195 1933 1493 1989 neglegenter
1537 1931 1712 1975 fontem
1740 1943 1889 1975 'suum

393 2003 658 2060 compressit
690 2003 962 2046 obscuritate
1001 2003 1161 2046 obruta
1198 2018 1308 2054 esse,
1345 2018 1466 2046 nunc
1503 2003 1704 2060 singulas
1739 2017 1890 2047 narras-

392 2075 538 2117 tiones
570 2090 663 2117 non
699 2075 814 2117 bene
853 2075 1094 2132 dispositas
1135 2090 1232 2117 esse
1274 2079 1538 2132 exponatur.
1601 2074 1666 2117 At
1697 2073 1890 2132 scriptor

394 2160 503 2201 quas
536 2161 739 2202 quaeque
777 2146 920 2188 tribus
957 2161 1135 2203 pugnas
1173 2146 1459 2203 pugnaverit,
1497 2145 1585 2188 hoc
1626 2145 1783 2188 ordine
1815 2144 1889 2204 de-

394 2216 560 2267 scribit,
608 2222 659 2258 ut
695 2218 892 2273 primum
938 2216 1114 2274 pugnas
1156 2217 1436 2270 Qaisitarum,
1486 2217 1650 2260 deinde
1693 2211 1886 2274 ‘pag-das,

394 2287 556 2343 quibus
588 2287 853 2330 Tamimitae
883 2289 1107 2340 Bakritas,
1139 2292 1238 2331 tum
1269 2289 1431 2345 quibus
1463 2289 1512 2331 hi
1542 2288 1646 2331 illos
1665 2287 1886 2339 vicerunt,

490 2441 518 2487 1)
544 2441 642 2476 Vide
669 2441 717 2476 de
743 2441 804 2476 his
830 2442 1030 2477 montibus
1049 2442 1219 2478 Sachau:
1244 2442 1363 2478 Reise
1388 2442 1429 2476 in
1448 2442 1586 2489 Syrien
1610 2444 1683 2477 etc.
1709 2453 1746 2488 p.
1767 2442 1831 2476 111
1842 2461 1886 2480 ss.

488 2512 518 2558 2)
544 2512 605 2547 De
630 2512 709 2547 ilh's
734 2512 865 2548 verbis
890 2513 931 2547 in
958 2512 1172 2559 appendice
1199 2514 1249 2560 (p.
1277 2513 1338 2559 43)
1365 2512 1563 2548 disseram.

489 2589 518 2635 3)
545 2589 630 2624 Vid.
657 2589 915 2631 IbnsDuraid‚
942 2590 1050 2624 kitab
1078 2590 1112 2624 a]
1139 2588 1297 2637 istiqaq‚
1322 2602 1358 2636 p.
1389 2590 1465 2625 172.

487 2667 517 2713 4)
545 2666 593 2702 cf.
619 2667 793 2707 Fresnel.
818 2666 976 2702 Lettres
1003 2670 1074 2702 etc.
1102 2679 1137 2713 p.
1165 2669 1220 2702 61.

488 2760 517 2803 5)
545 2761 593 2796 cf.
612 2761 641 2795 1.
655 2760 701 2795 A.
717 2761 802 2807 4019
827 2761 952 2825 9:255
984 2748 1058 2827 ι,1,,ζς
1072 2761 1178 2832 yffi
1198 2780 1267 2826 0,,
1295 2760 1431 2807 (scaj.
1450 2760 1622 2807 Hamma)
1647 2761 1750 2828 ΜΗ
1777 2734 1885 2819 ω,

488 2842 518 2889 ⁶)
544 2843 628 2878 vid.
655 2855 690 2889 p.
717 2843 772 2878 39.
