2066 3256
953 146 1248 183 —28—

354 252 469 293 libro
516 265 842 308 nonnunquam
897 252 1113 294 lectiones
1175 252 1281 295 libri
1327 254 1471 310 al‘qu
1522 253 1846 310 praeferendae

354 323 653 365 inveniantur.
663 321 695 378 1)

471 394 601 436 Nuw.
637 409 769 449 quem
818 394 874 436 ad
921 395 1060 443 verba
1107 394 1202 437 fere
1249 399 1396 438 bobum
1435 396 1539 438 libri
1571 397 1670 453 ‘qu
1711 401 1847 453 caput

354 466 713 521 transscripsisse
755 465 961 517 diximus,
1010 470 1163 508 'namen
1210 466 1322 509 alios
1369 467 1492 510 locos
1540 468 1688 510 omisit
1735 467 1846 510 alios

356 536 540 579 addidit.

471 608 652 650 Etenim
685 608 866 650 omnino
906 608 1085 651 silentio
1124 609 1357 665 praeteriit]
1399 610 1596 666 quinque
1629 610 1723 654 dies
1753 625 1847 654 non

354 678 550 721 illushres
583 679 662 721 sed
695 679 751 721 ab
774 679 860 722 Ibn
883 680 1003 722 ‘Abd
1024 680 1249 723 Rabbihio
1283 681 1488 737 quamvis
1519 681 1675 738 paucis
1694 681 1846 725 verbis

355 750 625 807 descripb083
659 751 735 806 qui
783 755 888 793 sunt
916 751 950 807 J‘.
985 751 1199 808 ‘Adnijja,
1250 752 1368 808 (qu
1401 753 1488 807 76),
1533 751 1567 808 J'.
1617 752 1660 795 al
1699 752 1843 810 Sulajj

355 821 472 877 (‘qu
505 823 593 877 90),
640 821 673 878 j.
708 821 830 878 Tijas
878 822 998 878 (‘qu
1033 825 1149 878 105),
1197 822 1226 879 J’.
1260 823 1364 866 Irab
1414 823 1531 880 (‘qu
1566 826 1684 879 107),
1725 823 1760 880 j.
1803 824 1847 867 al

352 893 459 934 Mi‘a
493 893 611 949 (‘qu
647 895 768 949 109);
818 898 1018 936 ceterum
1048 895 1179 936 Nuw.
1212 895 1307 951 ipse
1348 894 1459 937 alios
1496 895 1592 938 dies
1629 910 1722 938 non
1757 909 1847 938 ma-

354 963 460 1006 ioris
492 966 708 1006 momenbi
740 965 787 1007 in
818 965 933 1008 libro
967 980 1048 1008 suo
1082 966 1307 1008 describit.
1343 993 1397 997 —

475 1047 695 1099 „Cabenas
713 1052 972 1091 auctorum“
988 1049 1152 1104 (isnad)
1172 1064 1283 1105 quas
1301 1050 1478 1106 saepius
1491 1046 1845 1110 transscripsiff)

353 1119 502 1161 omisit
547 1119 595 1161 in
642 1119 800 1162 diebus
848 1120 904 1162 ad
945 1120 1107 1176 Nibag‚
1155 1120 1308 1171 orabit,
1340 1120 1462 1177 Nihj,
1501 1120 1639 1177 Safqa
1685 1121 1848 1214 deim-

353 1190 524 1232 bendis.
563 1217 617 1222 —

472 1262 777 1319 Quinquagies
831 1262 926 1305 fere
975 1263 1172 1306 carmina
1219 1263 1275 1306 ab
1321 1263 1409 1306 Ibn
1456 1263 1575 1306 Abd
1620 1262 1844 1310 Rabbihio

351 1333 486 1375 allata
518 1348 699 1390 prorsus
733 1334 895 1385 omisst,
944 1335 1203 1391 quindecies
1235 1349 1328 1378 non
1358 1334 1620 1378 universum
1650 1335 1844 1387 carmen,

352 1405 432 1447 sed
469 1405 712 1447 nonnullos
754 1421 808 1448 ex
848 1421 900 1449 eo
932 1420 1090 1449 versus
1128 1407 1175 1448 in
1207 1421 1338 1449 suum
1369 1407 1538 1463 recepit
1570 1405 1843 1450 conbexfium.

469 1488 559 1532 Ubi
590 1488 637 1530 in
669 1489 782 1532 libro
824 1490 866 1531 al
900 1490 999 1545 ‘qu
1037 1490 1121 1532 viri
1161 1490 1233 1532 die
1266 1490 1462 1546 quodam
1499 1489 1637 1533 occisi
1669 1502 1846 1537 enume-

351 1564 520 1610 ran‘our,
553 1560 683 1602 Nuw.
719 1576 852 1617 saepe
882 1561 1065 1603 nonnisi
1096 1576 1242 1618 pauca
1261 1561 1444 1604 nomina
1467 1561 1599 1604 afferh
1630 1561 1845 1619 additque

347 1631 621 1674 vocabulum
666 1642 817 1703 5554>
867 1647 903 1674 e.
954 1647 988 1674 c.
1038 1633 1085 1674 in
1135 1632 1391 1676 narratione
1445 1632 1534 1676 diei
1583 1633 1641 1676 ad
1688 1631 1844 1701 ‘Uaala

350 1716 410 1769 (z
432 1715 530 1770 ‘qu
563 1716 637 1769 87)
671 1720 716 1756 et
748 1715 837 1757 diei
871 1715 926 1757 ad
959 1715 1215 1758 Zuwairain
1249 1717 1311 1770 (z
1331 1715 1430 1772 ‘qu
1462 1717 1550 1770 92).
1583 1740 1644 1747 —-

461 1798 594 1840 Diem
627 1798 684 1840 ad
706 1798 862 1840 Kadid
884 1813 989 1840 cum
1012 1798 1241 1841 describit
1259 1798 1436 1841 silentio
1469 1798 1685 1855 praeterii,
1703 1797 1845 1842 verba
1912 1798 1919 1800 “

349 1884 462 1925 quae
509 1869 832 1926 posterioribus
879 1870 1156 1926 temporibus
1189 1869 1280 1912 ‘Ali
1313 1870 1368 1912 de
1399 1869 1522 1912 izribu
1551 1870 1684 1912 Banu
1714 1869 1843 1913 Firas

348 1941 525 1983 locutus
559 1956 656 1983 esse
689 1941 854 1983 dicitur
887 1941 985 1997 qu
1021 1947 1140 1987 7918·⁹
1124 1963 1168 1988 2·1

467 2025 521 2066 In
552 2024 811 2067 narratione
844 2024 933 2067 diei
966 2025 1023 2067 ad
1047 2024 1265 2067 Gabalam
1303 2025 1452 2067 omisit
1483 2025 1606 2081 quod
1638 2024 1694 2066 de
1714 2024 1842 2067 Rasi-

349 2095 409 2137 dii
441 2095 481 2138 b.
507 2095 626 2138 ‘Abd
649 2095 846 2139 Rabbihi
874 2096 1070 2138 carmine
1097 2097 1291 2138 tradissur
1321 2097 1369 2138 in
1400 2096 1514 2138 libro
1542 2095 1640 2152 ‘qu
1660 2110 1705 2155 p.
1730 2093 1840 2151 67.³)

466 2174 497 2216 J
500 2189 572 2215 am
605 2189 740 2231 supra
777 2175 1124 2218 memoravimus
1155 2174 1242 2217 Ibn
1277 2174 1395 2217 ‘Abd
1424 2174 1703 2217 Rabbihium
1732 2171 1842 2218 non-

347 2260 562 2301 numqam
594 2261 663 2287 res
686 2251 778 2288 ‘cam
800 2246 999 2289 breviter
1028 2261 1224 2298 narrare,
1258 2251 1309 2288 ut
1330 2247 1407 2289 vix
1429 2245 1632 2302 inbellegi
1651 2244 1838 2302 possint.

443 2363 471 2408 1,)
497 2363 625 2398 Huius
658 2364 714 2398 rei
739 2364 919 2410 exempla
951 2376 1039 2399 cum
1070 2365 1149 2400 iam
1178 2376 1296 2411 supra
1321 2364 1413 2410 (vid.
1440 2365 1498 2407 20,
1524 2364 1748 2406 23‚‚26„.„<1,„
1764 2363 1791 2410 ,)
1817 2375 1842 2399 a

347 2423 459 2457 nobis
493 2422 612 2457 allata
644 2423 735 2465 sint,
773 2435 896 2458 unum
921 2424 984 2459 hic
1010 2423 1199 2460 addamus
1208 2437 1216 2466 ;
1255 2423 1345 2470 ‘qu
1365 2425 1410 2459 74
1437 2424 1492 2470 (in
1516 2423 1738 2459 narratione
1764 2422 1842 2459 diei

348 2481 397 2516 ad
422 2481 612 2537 Hausam)
656 2481 829 2517 Hufafus
854 2482 1045 2517 Malikum
1070 2484 1106 2518 b.
1132 2483 1273 2518 Harith
1315 2482 1504 2519 occidisse
1542 2482 1698 2524 diuitum
1737 2482 1841 2529 apud

345 2553 459 2588 Nuw.
497 2556 661 2588 necatus
699 2556 805 2588 recte
844 2553 967 2588 Malik
1003 2555 1039 2589 b.
1073 2533 1210 2610 ffimar
1240 2557 1406 2590 vocatur
1443 2553 1547 2599 (vide
1579 2554 1654 2588 Ibn
1677 2553 1841 2590 Dura-:di

346 2619 453 2654 kitab
481 2618 517 2653 al
543 2616 689 2667 istiqaq
716 2620 780 2654 17⁹
761 2615 842 2668 12)

440 2697 470 2743 2)
496 2697 640 2732 Reiske
667 2700 708 2732 et
730 2696 972 2732 Rasmussen
989 2696 1177 2732 Nuwajrii
1202 2697 1343 2732 librum
1367 2696 1408 2731 in
1425 2696 1611 2732 Latinum
1636 2695 1840 2733 vertentes

349 2759 530 2799 „catenas
557 2760 782 2791 auctorum“
811 2759 852 2792 et
879 2757 1049 2792 carmina
1075 2767 1228 2802 semper
1253 2755 1334 2791 fere
1362 2756 1588 2791 omiserunt.

440 2827 469 2873 3)
496 2827 580 2862 Vid.
608 2839 723 2873 supra
748 2840 784 2874 p.
813 2829 868 2863 26.
